@InProceedings{Hirota:Korin,
 author = {廣多馨 and 橋本翔 and 増井俊之},
 title = {OB降臨システム},
 booktitle = {インタラクション2011論文集},
 year = {2011},
 pages = {575--576}
}

@InProceedings{Shokai:Linda,
 author = {橋本翔},
 title = {Web版Lindaによる実世界コンピューティング},
 booktitle = {情報処理学会2014夏のプログラミングシンポジウム報告集},
 year = {2014}
}

@inproceedings{Jouppi:2002:FST:587078.587128,
 author = {Jouppi, Norman P.},
 title = {First Steps Towards Mutually-immersive Mobile Telepresence},
 booktitle = {Proceedings of the 2002 ACM Conference on Computer Supported Cooperative Work},
 series = {CSCW '02},
 year = {2002},
 isbn = {1-58113-560-2},
 location = {New Orleans, Louisiana, USA},
 pages = {354--363},
 numpages = {10},
 url = {http://doi.acm.org/10.1145/587078.587128},
 doi = {10.1145/587078.587128},
 acmid = {587128},
 publisher = {ACM},
 address = {New York, NY, USA},
 keywords = {audio conferencing, haptics, human visual perception, multi-channel audio, multi-user networked applications, multimedia, robotics, user interface hardware, video conferencing},
}

@article{Carriero:1989:LC:63334.63337,
 author = {Carriero, Nicholas and Gelernter, David},
 title = {Linda in Context},
 journal = {Communications of the ACM},
 issue_date = {April 1989},
 volume = {32},
 number = {4},
 month = apr,
 year = {1989},
 issn = {0001-0782},
 pages = {444--458},
 numpages = {15},
 url = {http://doi.acm.org/10.1145/63334.63337},
 doi = {10.1145/63334.63337},
 acmid = {63337},
 publisher = {ACM},
 address = {New York, NY, USA},
} 

